%% This BibTeX bibliography file was created using BibDesk.
%% http://bibdesk.sourceforge.net/


%% Created for Rafael Molina Carmona at 2011-10-07 13:16:35 +0200 


%% Saved with string encoding Unicode (UTF-8) 



@misc{Axelrod1997,
	Author = {Robert Axelrod},
	Title = {Advancing the art of simulation in the social sciences},
	Year = {1997}}

@article{Genesereth1995,
	Author = {Michael R. Genesereth and Steven P. Ketchpel},
	Journal = {Communications of the ACM},
	Pages = {48--53},
	Title = {Software Agents},
	Volume = {37},
	Year = {1994}}

@book{Gilbert2008,
	Author = {Nigel Gilbert},
	Publisher = {SAGE Publications},
	Title = {Agent-Based Models},
	Year = {2008}}

@article{Khoo2002,
	Author = {Aaron Khoo and Robert Zubek},
	Journal = {IEEE Intelligent Systems},
	Pages = {48--53},
	Title = {Applying Inexpensive AI Techniques to Computer Games},
	Year = {2002}}

@inproceedings{Luo2010,
	Author = {Luo, R.C. and Yu-Chih Lin and Ching-Chung Kao},
	Booktitle = {Multisensor Fusion and Integration for Intelligent Systems (MFI), 2010 IEEE Conference on},
	Doi = {10.1109/MFI.2010.5604478},
	Keywords = {autonomous mobile robot localization;autonomous mobile robot navigation;camera;floor plan map information;high level multisensor topological navigation system;passage corner landmark;room plate landmark;sensory fusion approach;ultrasonic sensor;mobile robots;path planning;sensor fusion;},
	Month = {sept.},
	Pages = {121 -126},
	Title = {Autonomous Mobile Robot Navigation and Localization Based on Floor Plan Map Information and Sensory Fusion approach},
	Year = {2010},
	Bdsk-Url-1 = {http://dx.doi.org/10.1109/MFI.2010.5604478}}

@inproceedings{Luke2004,
	Author = {Sean Luke and Claudio Cioffi-revilla and Liviu Panait and Keith Sullivan},
	Booktitle = {University of Michigan},
	Title = {MASON: A new multi-agent simulation toolkit},
	Year = {2004}}

@article{Maes1997,
	Acmid = {959153},
	Address = {Secaucus, NJ, USA},
	Author = {Maes, Pattie and Darrell, Trevor and Blumberg, Bruce and Pentland, Alex},
	Doi = {10.1007/s005300050046},
	Issn = {0942-4962},
	Issue = {2},
	Journal = {Multimedia Syst.},
	Keywords = {autonomous agents, computer vision, interactive interface, virtual reality},
	Month = {March},
	Numpages = {8},
	Pages = {105--112},
	Publisher = {Springer-Verlag New York, Inc.},
	Title = {The ALIVE system: wireless, full-body interaction with autonomous agents},
	Url = {http://dl.acm.org/citation.cfm?id=959145.959153},
	Volume = {5},
	Year = {1997},
	Bdsk-Url-1 = {http://dl.acm.org/citation.cfm?id=959145.959153},
	Bdsk-Url-2 = {http://dx.doi.org/10.1007/s005300050046}}

@article{North2005,
	Author = {North, M J and Howe, T R and Collier, N T and Vos, J R},
	Journal = {Proceedings of the Agent 2005 Conference on Generative Social Processes Models and Mechanisms},
	Number = {1},
	Pages = {151--158},
	Title = {The repast simphony runtime system},
	Url = {http://citeseerx.ist.psu.edu/viewdoc/download?doi=10.1.1.99.9894&rep=rep1&type=pdf},
	Year = {2005},
	Bdsk-Url-1 = {http://citeseerx.ist.psu.edu/viewdoc/download?doi=10.1.1.99.9894&rep=rep1&type=pdf}}

@article{Reynolds2000,
	Author = {Reynolds, Craig},
	Journal = {Group},
	Number = {4},
	Pages = {449--460},
	Publisher = {Citeseer},
	Title = {Interaction with Groups of Autonomous Characters},
	Url = {http://citeseerx.ist.psu.edu/viewdoc/download?doi=10.1.1.28.3435&rep=rep1&type=pdf},
	Volume = {21},
	Year = {2000},
	Bdsk-Url-1 = {http://citeseerx.ist.psu.edu/viewdoc/download?doi=10.1.1.28.3435&rep=rep1&type=pdf}}

@article{Rhyne2000,
	Address = {Los Alamitos, CA, USA},
	Author = {Theresa-Marie Rhyne},
	Doi = {http://doi.ieeecomputersociety.org/10.1109/2.889099},
	Issn = {0018-9162},
	Journal = {Computer},
	Pages = {154-156},
	Publisher = {IEEE Computer Society},
	Title = {Entertainment Computing: Computer Games' Influence on Scientific and Information Visualization},
	Volume = {33},
	Year = {2000},
	Bdsk-Url-1 = {http://doi.ieeecomputersociety.org/10.1109/2.889099}}

@inproceedings{Ulicny2001,
	Acmid = {776365},
	Address = {New York, NY, USA},
	Author = {Ulicny, Branislav and Thalmann, Daniel},
	Booktitle = {Proceedings of the Eurographic workshop on Computer animation and simulation},
	Isbn = {3-211-83711-6},
	Keywords = {VR training systems, autonomous agents, crowd simulation, multi-agent systems},
	Location = {Manchester, UK},
	Numpages = {8},
	Pages = {163--170},
	Publisher = {Springer-Verlag New York, Inc.},
	Title = {Crowd simulation for interactive virtual environments and VR training systems},
	Url = {http://dl.acm.org/citation.cfm?id=776350.776365},
	Year = {2001},
	Bdsk-Url-1 = {http://dl.acm.org/citation.cfm?id=776350.776365}}

@electronic{Wilensky1999,
	Author = {Uri Wilensky},
	Date-Modified = {2011-10-07 13:16:12 +0200},
	Howpublished = {http://ccl.northwestern.edu/netlogo},
	Title = {NetLogo. Center for Connected Learning and Computer-Based Modeling, Northwestern University, Evanston, IL},
	Urldate = {Accessed October 2011},
	Year = {1999}}

@inproceedings{Wachsmuth1995,
	Acmid = {724909},
	Address = {London, UK},
	Author = {Wachsmuth, Ipke and Tao, Yong},
	Booktitle = {Graphics and Robotics},
	Isbn = {3-540-58358-0},
	Numpages = {14},
	Pages = {73--86},
	Publisher = {Springer-Verlag},
	Title = {Interactive Graphics Design with Situated Agents},
	Url = {http://dl.acm.org/citation.cfm?id=647354.724909},
	Year = {1995},
	Bdsk-Url-1 = {http://dl.acm.org/citation.cfm?id=647354.724909}}

@incollection{Querrec2011,
	Affiliation = {UEB/ENIB/CERV, 25 rue Claude Chappe, F-29490 Plouzan{\'e}, France},
	Author = {Querrec, Ronan and Buche, C{\'e}dric and Lecorre, Fr{\'e}d{\'e}ric and Harrouet, Fabrice},
	Booktitle = {Emerging Intelligent Technologies in Industry},
	Editor = {Ryzko, Dominik and Rybinski, Henryk and Gawrysiak, Piotr and Kryszkiewicz, Marzena},
	Isbn = {978-3-642-22731-8},
	Keyword = {Engineering},
	Pages = {81--90},
	Publisher = {Springer Berlin / Heidelberg},
	Series = {Studies in Computational Intelligence},
	Title = {Agent Metamodel for Virtual Reality Applications},
	Url = {http://dx.doi.org/10.1007/978-3-642-22732-5_8},
	Volume = {369},
	Year = {2011},
	Bdsk-Url-1 = {http://dx.doi.org/10.1007/978-3-642-22732-5_8}}

@article{Hahn2009,
	Acmid = {1499105},
	Address = {Hingham, MA, USA},
	Author = {Hahn, Christian and Madrigal-Mora, Cristi\'{a}n and Fischer, Klaus},
	Doi = {10.1007/s10458-008-9042-0},
	Issn = {1387-2532},
	Issue = {2},
	Journal = {Autonomous Agents and Multi-Agent Systems},
	Keywords = {Agent modelling, Agent oriented, Agent oriented software engineering, BDI, JACK, JADE, Metamodelling, Model driven architecture, PIM, PIM4AGENTS, PSM},
	Month = {April},
	Numpages = {28},
	Pages = {239--266},
	Publisher = {Kluwer Academic Publishers},
	Title = {A platform-independent metamodel for multiagent systems},
	Url = {http://dl.acm.org/citation.cfm?id=1499102.1499105},
	Volume = {18},
	Year = {2009},
	Bdsk-Url-1 = {http://dl.acm.org/citation.cfm?id=1499102.1499105},
	Bdsk-Url-2 = {http://dx.doi.org/10.1007/s10458-008-9042-0}}

@inproceedings{Chiu2011,
	Author = {Chung-Cheng Chiu and Stacy Marsella},
	Booktitle = {Proceedings of 10th. Int. Conf. on Autonomous Agents and Multi-Agent Systems},
	Numpages = {8},
	Pages = {1023--1030},
	Title = {A style controller for generating virtual human behaviors},
	Year = {2011}}

@inproceedings{Thiebaux2009,
	Address = {Budapest, Hungary},
	Author = {Marcus Thiebaux and Brent Lance and Stacy Marsella},
	Booktitle = {8th International Conference on Autonomous Agents and Multi-Agent Systems (AAMAS)},
	Month = may,
	Title = {{Real-Time Expressive Gaze Animation for Virtual Humans}},
	Url = {http://www.ict.usc.edu/~marsella/publications/ThiebauxAAMAS09.pdf},
	Year = {2009},
	Bdsk-Url-1 = {http://www.ict.usc.edu/~marsella/publications/ThiebauxAAMAS09.pdf}}

@book{Aho1972,
	Author = {Aho, Alfred V. and Ullman, Jeffrey D.},
	Publisher = {Prentice-Hall, Inc. Englewood Cliffs, N.J. ISBN: 0-13-914556-7},
	Title = {The Theory of Parsing, Translation, and Compiling. Volume I: Parsing.},
	Year = {1972}}

@book{Bartle2004,
	Author = {Bartle, Richard},
	Isbn = {0131018167},
	Publisher = {New Riders Games},
	Title = {Designing Virtual Worlds},
	Year = {2003}}

@book{Burdea2003,
	Author = {Burdea, Grigore C. and Coiffet, Philippe.},
	Publisher = {Wiley-IEEE Press},
	Title = {Virtual Reality Technology, Second Edition},
	Year = {2003}}

@book{Davis1994,
	Author = {Davis, Martin; Sigal, Ron and Weyuker, Elaine J.},
	Publisher = {San Diego: Elsevier Science},
	Title = {Computability, Complexity, and Languages, Fundamentals of Theoretical Computer Science, 2nd~ed},
	Year = {1994}}

@book{Hopcroft2000,
	Author = {Hopcroft, John E.; Motwani, Rajeev and Ullman, Jeffrey D.},
	Editor = {Addison Wesley},
	Isbn = {0201441241},
	Title = {Introduction to Automata Theory, Languages, and Computation. 2nd Edition},
	Year = {2000}}

@article{David2005,
	Address = {Los Alamitos, CA, USA},
	Author = {David J. Kasik and William Buxton and David R. Ferguson},
	Doi = {http://doi.ieeecomputersociety.org/10.1109/MCG.2005.48},
	Issn = {0272-1716},
	Journal = {IEEE Computer Graphics and Applications},
	Pages = {81-92},
	Publisher = {IEEE Computer Society},
	Title = {Ten CAD Challenges},
	Volume = {25},
	Year = {2005},
	Bdsk-Url-1 = {http://doi.ieeecomputersociety.org/10.1109/MCG.2005.48}}

@article{Kenyon2006,
	Author = {Kenyon, S. H.},
	Journal = {IEEE Potentials},
	Pages = {19-25},
	Title = {Behavioral software agents for real-time games},
	Volume = {Vol. 25},
	Year = {2006}}

@article{Aaron2002,
	Author = {Khoo, Aaron and Zubek, Robert},
	Journal = {IEEE Intelligent Systems},
	Pages = {48-53},
	Title = {Applying inexpensive AI techniques to computer games},
	Volume = {Vol 17 (4)},
	Year = {2002}}

@article{Laird2001,
	Author = {Laird, John E.},
	Journal = {Computer. IEEE Computer Society Press.},
	Pages = {70-75},
	Title = {Using a computer game to develop advanced AI},
	Volume = {Vol. 34 (7)},
	Year = {2001}}

@article{Manousakis2006,
	Author = {Manousakis, Stelios},
	Journal = {Master's Thesis -- Sonology. The Royal Conservatory, The Hague},
	Title = {Musical L-Systems},
	Year = {2006}}

@article{Chris2007,
	Author = {Miles, C.; Quiroz, J.; Leigh, R. and Louis, S.J.},
	Journal = {IEEE Symposium on Computational Intelligence and Games},
	Pages = {88-95},
	Title = {Co-evolving influence map tree based strategy game players.},
	Year = {2007}}

@book{John2007,
	Author = {Miller, John H. and Page, Scott E.},
	Publisher = {Princeton University Press},
	Title = {Complex Adaptive Systems: An Introduction to Computational Models of Social Life.},
	Year = {2007}}

@article{Musgrave1990,
	Author = {Musgrave, F.K.; Kolb, C.E. and Mace, R.S.},
	Journal = {In SIGGRAPH 89 Proceedings},
	Pages = {41-50},
	Title = {The Synthesis and Rendering of Eroded Fractal Terrains},
	Year = {1990}}

@article{Muller2006,
	Author = {M{\"u}ller, Pascal; Wonka, Peter; Haegler, Simon; Ulmer, Andreas and Gool, Luc Van},
	Journal = {ACM SIGGRAPH. International Conference on Computer Graphics and Interactive Techniques.},
	Pages = {614-623},
	Title = {Procedural Modeling of Buildings.},
	Year = {2006}}

@book{Novak2007,
	Author = {Novak, Jeannie},
	Publisher = {Delmar Cengage Learning},
	Title = {Game Development Essentials: An Introduction. Second edition.},
	Year = {2007}}

@article{Palubicki2009,
	Author = {Palubicki, Wojciech; Horel, Kipp; Longay, Steven; Runions, Adam and Lane, Brendan; Mech, Radomir and Prusinkiewicz, Przemyslaw},
	Journal = {ACM Transactions on Graphics 28(3)},
	Pages = {1-10},
	Title = {Self-organizing tree models for image synthesis},
	Volume = {58},
	Year = {2009}}

@article{Yoav2001,
	Author = {Parish, Yoav I. H. and M{\"u}ller, Pascal},
	Journal = {ACM SIGGRAPH},
	Pages = {301-308},
	Title = {Procedural Modeling of Cities},
	Year = {2001}}

@article{Perlin1985,
	Author = {Perlin, K.},
	Journal = {Computer Graphics (SIGGRAPH 85 Proceedings), 19(3)},
	Pages = {287-296},
	Title = {An Image Synthesizer.},
	Year = {1985}}

@article{Prusinkiewicz2000,
	Author = {Prusinkiewicz, Przemyslaw},
	Journal = {Communications of the ACM},
	Pages = {84-93},
	Title = {Simulation Modeling of Plants and Plant Ecosystems.},
	Volume = {Vol. 43, no 7},
	Year = {2000}}

@book{Lindenmayer1990,
	Author = {Prusinkiewicz, P. and Lindenmayer, A.},
	Isbn = {978-0387972978},
	Publisher = {Springer-Verlag.},
	Title = {The algorithmic beauty of plants.},
	Year = {1990}}

@article{Prusinkiewicz2008,
	Author = {Prusinkiewicz, Przemyslaw; Erasmus, Yvette; Lane, Brendan: Harder, Lawrence D. and Coen, Enrico},
	Journal = {Science 316 (5830)},
	Pages = {1452-1456},
	Title = {Evolution and Development of Inflorescence Architectures.},
	Year = {2008}}

@article{Reeves1985,
	Author = {Reeves, W.T. and Blau, R.},
	Journal = {ACM SIGGRAPH 85 Proceedings, 19(3)},
	Pages = {313-322},
	Title = {Approximate and Probabilistic Algorithms for Shading and Rendering Structured Particle Systems.},
	Year = {1985}}

@article{Robert2005,
	Author = {Reynolds, R.G.; Kobti, Z.; Kohler, T.A. and Yap, L.Y.L.},
	Journal = {IEEE Transactions on Evolutionary Computation, vol. 9 (6)},
	Pages = {707-720},
	Title = {Unraveling ancient mysteries: Reimagining the past using evolutionary computation in a complex gaming environment.},
	Year = {2005}}

@article{Lindenmayer1992,
	Author = {Rozenberg, Grzegorz and Salomaa, Arto},
	Journal = {Springer-Verlag.},
	Title = {Lindenmayer systems: impacts on theoretical computer science, computer graphics, and developmental biology.},
	Year = {1992}}

@book{Sanchez2004,
	Author = {S\'anchez-Crespo Dalmau, Daniel},
	Publisher = {New Riders},
	Title = {Core techniques and algorithms in game programming.},
	Year = {2004}}

@book{Seugling2006,
	Author = {Seugling, Axel and Rolin, Martin},
	Publisher = {Master's Thesis in Computing Science. Umea University, Sweden.},
	Title = {Evaluation of Physics Engines and Implementation of a Physics Module in a 3d-Authoring Tool.},
	Year = {2006}}

@book{Sherman2003,
	Author = {Sherman, William R. and Craig, Alan},
	Publisher = {Morgan Kaufmann.},
	Title = {Understanding virtual reality: interface, application, and design.},
	Year = {2003}}

@article{Spicher2008,
	Author = {Spicher, Antoine; Michel, Olivier; Cieslak, Mikolaj; Giavitto, Jean-Louis and Prusinkiewicz, Przemyslaw},
	Journal = {Biosystems 91(3)},
	Pages = {458-472},
	Title = {Stochastic P systems and the simulation of biochemical processes with dynamic compartments.},
	Year = {2008}}

@article{Joshua2004,
	Author = {Strickon, Joshua},
	Journal = {IEEE Computer Graphics and Applications},
	Owner = {gabi},
	Pages = {C2},
	Timestamp = {2011.06.25},
	Title = {Interacting with Emerging Technologies},
	Volume = {Vol. 24, no. 1},
	Year = {2004}}

@article{Strickon2004,
	Author = {Strickon, Joshua},
	Journal = {IEEE Computer Graphics and Applications},
	Title = {Interacting with Emerging Technologies.},
	Volume = {Vol. 24, no 1},
	Year = {2004}}

@article{Wang2008,
	Author = {Wang, Wen; Ma, Xueqiang and Liu, Hong},
	Journal = {Fourth International Conference on Natural Computation},
	Pages = {323-326},
	Title = {A Computer \_aided Harmonious Architecture Design Method Based on Fractals.},
	Volume = {Vol. 7},
	Year = {2008}}

@article{Wood2000,
	Author = {Wood, Mark F. and Deloach, Scott A.},
	Journal = {The First International Workshop on Agent-Oriented software Engineering (AOSE)},
	Pages = {207-222},
	Title = {An overview of the multiagent systems engineering methodology.},
	Year = {2000}}

@article{Wooldridge1997,
	Author = {Wooldridge, Michael},
	Journal = {IEEE Proceedings Software Engineering.},
	Pages = {26-37},
	Title = {Agent-based software engineering.},
	Year = {1997}}

@article{Georgios2004,
	Author = {Yannakakis, Georgios; Levine, John and Hallam, John},
	Journal = {In Proceedings of the Congress on Evolutionary Computation.},
	Pages = {986-993},
	Title = {An evolutionary approach for interactive computer games.},
	Year = {2004}}

@electronic{CILib,
	__Markedentry = {[gabi]},
	Howpublished = {\url{http://cilib.sourceforge.net}},
	Title = {CILib (Computational Intelligence Library)},
	Year = {Accessed October 2009}}

@electronic{DirectX,
	Howpublished = {\url{http://www.microsoft.com/windows/directx/default.mspx}},
	Title = {DirectX},
	Year = {Accessed October 2009}}

@electronic{DMLW,
	Howpublished = {\url{http://www.3dmlw.com}},
	Title = {DMLW - 3D Markup Language for Web},
	Year = {Accessed October 2009}}

@electronic{EOECF,
	Howpublished = {\url{http://eodev.sourceforge.net}},
	Title = {EO Evolutionary Computation Framework},
	Year = {Accessed October 2009}}

@electronic{Havok,
	Howpublished = {\url{http://www.havok.com}},
	Title = {Havok},
	Year = {Accessed October 2009}}

@electronic{Jade,
	Howpublished = {\url{http://jade.tilab.com}},
	Title = {Jade - Java Agent DEvelopment Framework},
	Year = {Accessed October 2009}}

@electronic{NGDynamics,
	Howpublished = {\url{http://www.newtondynamics.com}},
	Title = {Newton Game Dynamics},
	Year = {Accessed October 2009}}

@electronic{O3D,
	Howpublished = {\url{http://code.google.com/apis/o3d}},
	Title = {Google O3D API},
	Year = {Accessed October 2009}}

@electronic{ODE,
	Howpublished = {\url{http://www.ode.org}},
	Title = {Open Dynamics Engine},
	Year = {Accessed October 2009}}

@electronic{OGRE,
	Howpublished = {\url{http://www.ogre3d.org}},
	Title = {OGRE 3D: Open source graphics engine},
	Year = {Accessed October 2009}}

@electronic{OpenGL,
	Howpublished = {\url{http://www.opengl.org}},
	Title = {OpenGL},
	Year = {Accessed October 2009}}

@electronic{PAL,
	Howpublished = {\url{http://www.adrianboeing.com/pal}},
	Title = {PAL: Physics Abstraction Layer},
	Year = {Accessed October 2009}}

@electronic{Physx,
	Howpublished = {\url{http://physx.ageia.com}},
	Title = {PhysX by AGEIA},
	Year = {Accessed October 2009}}

@electronic{SDL,
	Howpublished = {\url{http://www.libsdl.org}},
	Title = {Simple DirectMedia Layer (SDL)},
	Year = {Accessed October 2009}}

@electronic{VTK,
	Howpublished = {\url{http://public.kitware.com/vtk}},
	Title = {The Visualization ToolKit (VTK)},
	Year = {Accessed October 2009}}

@electronic{Web3D,
	Howpublished = {\url{http://www.web3d.org}},
	Title = {Web3D Consortium.},
	Year = {Accessed October 2009}}

@electronic{wiiNintendo,
	Howpublished = {\url{http://www.nintendo.es}},
	Title = {Wii-Nintendo},
	Year = {Accessed October 2009}}

@electronic{Wikipedia2007,
	Howpublished = {\url{http://en.wikipedia.org/wiki/physics\_engine}},
	Title = {Physics engine description},
	Year = {Accessed October 2009}}

@electronic{WModel,
	Howpublished = {\url{http://www.design-simulation.com}},
	Title = {Working Model: Design Simulation Technologies},
	Year = {Accessed October 2009}}
