% This file was created with JabRef 2.6.
% Encoding: UTF-8

@ARTICLE{Srivastava2008,
  author = {Saurabh Srivastava and Michael Hicks and Jeffrey S. Foster and Patrick
	Jenkins},
  title = {Modular Information Hiding and Type-Safe Linking for C},
  journal = {IEEE Transactions on Software Engineering},
  year = {2008},
  volume = {34},
  pages = {357-376},
  address = {Los Alamitos, CA, USA},
  doi = {http://doi.ieeecomputersociety.org/10.1109/TSE.2008.25},
  issn = {0098-5589},
  owner = {gabi},
  publisher = {IEEE Computer Society},
  timestamp = {2011.12.07}
}

@ARTICLE{Vid?cs2004,
  author = {L?szl? Vid?cs and ?rp? Besz?des and Rudolf Ference},
  title = {Columbus Schema for C/C++ Preprocessing},
  journal = {Software Maintenance and Reengineering, European Conference on},
  year = {2004},
  volume = {0},
  pages = {75},
  __markedentry = {[gabi]},
  address = {Los Alamitos, CA, USA},
  doi = {http://doi.ieeecomputersociety.org/10.1109/CSMR.2004.1281408},
  issn = {1534-5351},
  owner = {gabi},
  publisher = {IEEE Computer Society},
  timestamp = {2011.12.07}
}

@comment{jabref-meta: selector_publisher:}

@comment{jabref-meta: selector_author:}

@comment{jabref-meta: selector_journal:}

@comment{jabref-meta: selector_keywords:}

