% This file was created with JabRef 2.6.
% Encoding: UTF-8

@BOOK{Aho1972,
  title = {The Theory of Parsing, Translation, and Compiling. Volume I: Parsing.},
  publisher = {Prentice-Hall, Inc. Englewood Cliffs, N.J. ISBN: 0-13-914556-7},
  year = {1972},
  author = {Aho, Alfred V. and Ullman, Jeffrey D.}
}

@BOOK{Bartle2004,
  title = {Designing Virtual Worlds},
  publisher = {New Riders Games},
  year = {2003},
  author = {Bartle, Richard},
  isbn = {0131018167}
}

@BOOK{Burdea2003,
  title = {Virtual Reality Technology, Second Edition},
  publisher = {Wiley-IEEE Press},
  year = {2003},
  author = {Burdea, Grigore C. and Coiffet, Philippe.}
}

@BOOK{Davis1994,
  title = {Computability, Complexity, and Languages, Fundamentals of Theoretical
	Computer Science, 2nd~ed},
  publisher = {San Diego: Elsevier Science},
  year = {1994},
  author = {Davis, Martin; Sigal, Ron and Weyuker, Elaine J.}
}

@BOOK{Hopcroft2000,
  title = {Introduction to Automata Theory, Languages, and Computation. 2nd
	Edition},
  year = {2000},
  editor = {Addison Wesley},
  author = {Hopcroft, John E.; Motwani, Rajeev and Ullman, Jeffrey D.},
  isbn = {0201441241}
}

@ARTICLE{David2005,
  author = {David J. Kasik and William Buxton and David R. Ferguson},
  title = {Ten CAD Challenges},
  journal = {IEEE Computer Graphics and Applications},
  year = {2005},
  volume = {25},
  pages = {81-92},
  address = {Los Alamitos, CA, USA},
  doi = {http://doi.ieeecomputersociety.org/10.1109/MCG.2005.48},
  issn = {0272-1716},
  publisher = {IEEE Computer Society}
}

@ARTICLE{Kenyon2006,
  author = {Kenyon, S. H.},
  title = {Behavioral software agents for real-time games},
  journal = {IEEE Potentials},
  year = {2006},
  volume = {Vol. 25},
  pages = {19-25}
}

@ARTICLE{Aaron2002,
  author = {Khoo, Aaron and Zubek, Robert},
  title = {Applying inexpensive AI techniques to computer games},
  journal = {IEEE Intelligent Systems},
  year = {2002},
  volume = {Vol 17 (4)},
  pages = {48-53}
}

@ARTICLE{Laird2001,
  author = {Laird, John E.},
  title = {Using a computer game to develop advanced AI},
  journal = {Computer. IEEE Computer Society Press.},
  year = {2001},
  volume = {Vol. 34 (7)},
  pages = {70-75}
}

@ARTICLE{Manousakis2006,
  author = {Manousakis, Stelios},
  title = {Musical L-Systems},
  journal = {Master’s Thesis – Sonology. The Royal Conservatory, The Hague},
  year = {2006}
}

@ARTICLE{Chris2007,
  author = {Miles, C.; Quiroz, J.; Leigh, R. and Louis, S.J.},
  title = {Co-evolving influence map tree based strategy game players.},
  journal = {IEEE Symposium on Computational Intelligence and Games},
  year = {2007},
  pages = {88-95}
}

@BOOK{John2007,
  title = {Complex Adaptive Systems: An Introduction to Computational Models
	of Social Life.},
  publisher = {Princeton University Press},
  year = {2007},
  author = {Miller, John H. and Page, Scott E.}
}

@ARTICLE{Musgrave1990,
  author = {Musgrave, F.K.; Kolb, C.E. and Mace, R.S.},
  title = {The Synthesis and Rendering of Eroded Fractal Terrains},
  journal = {In SIGGRAPH 89 Proceedings},
  year = {1990},
  pages = {41-50}
}

@ARTICLE{Muller2006,
  author = {Müller, Pascal; Wonka, Peter; Haegler, Simon; Ulmer, Andreas and
	Gool, Luc Van},
  title = {Procedural Modeling of Buildings.},
  journal = {ACM SIGGRAPH. International Conference on Computer Graphics and Interactive
	Techniques.},
  year = {2006},
  pages = {614-623}
}

@BOOK{Novak2007,
  title = {Game Development Essentials: An Introduction. Second edition.},
  publisher = {Delmar Cengage Learning},
  author = {Novak, Jeannie}
}

@ARTICLE{Palubicki2009,
  author = {Palubicki, Wojciech; Horel, Kipp; Longay, Steven; Runions, Adam and
	Lane, Brendan; Mech, Radomir and Prusinkiewicz, Przemyslaw},
  title = {Self-organizing tree models for image synthesis},
  journal = {ACM Transactions on Graphics 28(3)},
  year = {2009},
  volume = {58},
  pages = {1-10}
}

@ARTICLE{Yoav2001,
  author = {Parish, Yoav I. H. and Müller, Pascal},
  title = {Procedural Modeling of Cities},
  journal = {ACM SIGGRAPH},
  year = {2001},
  pages = {301-308}
}

@ARTICLE{Perlin1985,
  author = {Perlin, K.},
  title = {An Image Synthesizer.},
  journal = {Computer Graphics (SIGGRAPH 85 Proceedings), 19(3)},
  year = {1985},
  pages = {287-296}
}

@ARTICLE{Prusinkiewicz2000,
  author = {Prusinkiewicz, Przemyslaw},
  title = {Simulation Modeling of Plants and Plant Ecosystems.},
  journal = {Communications of the ACM},
  year = {2000},
  volume = {Vol. 43, no 7},
  pages = {84-93}
}

@BOOK{Lindenmayer1990,
  title = {The algorithmic beauty of plants.},
  publisher = {Springer-Verlag.},
  year = {1990},
  author = {Prusinkiewicz, P. and Lindenmayer, A.},
  isbn = {978-0387972978}
}

@ARTICLE{Prusinkiewicz2008,
  author = {Prusinkiewicz, Przemyslaw; Erasmus, Yvette; Lane, Brendan: Harder,
	Lawrence D. and Coen, Enrico},
  title = {Evolution and Development of Inflorescence Architectures.},
  journal = {Science 316 (5830)},
  year = {2008},
  pages = {1452-1456}
}

@ARTICLE{Reeves1985,
  author = {Reeves, W.T. and Blau, R.},
  title = {Approximate and Probabilistic Algorithms for Shading and Rendering
	Structured Particle Systems.},
  journal = {ACM SIGGRAPH 85 Proceedings, 19(3)},
  year = {1985},
  pages = {313-322}
}

@ARTICLE{Robert2005,
  author = {Reynolds, R.G.; Kobti, Z.; Kohler, T.A. and Yap, L.Y.L.},
  title = {Unraveling ancient mysteries: Reimagining the past using evolutionary
	computation in a complex gaming environment.},
  journal = {IEEE Transactions on Evolutionary Computation, vol. 9 (6)},
  year = {2005},
  pages = {707-720}
}

@ARTICLE{Lindenmayer1992,
  author = {Rozenberg, Grzegorz and Salomaa, Arto},
  title = {Lindenmayer systems: impacts on theoretical computer science, computer
	graphics, and developmental biology.},
  journal = {Springer-Verlag.},
  year = {1992}
}

@BOOK{Sanchez2004,
  title = {Core techniques and algorithms in game programming.},
  publisher = {New Riders},
  year = {2004},
  author = {S\'anchez-Crespo Dalmau, Daniel}
}

@BOOK{Seugling2006,
  title = {Evaluation of Physics Engines and Implementation of a Physics Module
	in a 3d-Authoring Tool.},
  publisher = {Master's Thesis in Computing Science. Umea University, Sweden.},
  year = {2006},
  author = {Seugling, Axel and Rolin, Martin}
}

@BOOK{Sherman2003,
  title = {Understanding virtual reality: interface, application, and design.},
  publisher = {Morgan Kaufmann.},
  year = {2003},
  author = {Sherman, William R. and Craig, Alan}
}

@ARTICLE{Spicher2008,
  author = {Spicher, Antoine; Michel, Olivier; Cieslak, Mikolaj; Giavitto, Jean-Louis
	and Prusinkiewicz, Przemyslaw},
  title = {Stochastic P systems and the simulation of biochemical processes
	with dynamic compartments.},
  journal = {Biosystems 91(3)},
  year = {2008},
  pages = {458-472}
}

@ARTICLE{Joshua2004,
  author = {Strickon, Joshua},
  title = {Interacting with Emerging Technologies},
  journal = {IEEE Computer Graphics and Applications},
  year = {2004},
  volume = {Vol. 24, no. 1},
  pages = {C2},
  owner = {gabi},
  timestamp = {2011.06.25}
}

@ARTICLE{Strickon2004,
  author = {Strickon, Joshua},
  title = {Interacting with Emerging Technologies.},
  journal = {IEEE Computer Graphics and Applications},
  year = {2004},
  volume = {Vol. 24, no 1}
}

@ARTICLE{Wang2008,
  author = {Wang, Wen; Ma, Xueqiang and Liu, Hong},
  title = {A Computer \_aided Harmonious Architecture Design Method Based on
	Fractals.},
  journal = {Fourth International Conference on Natural Computation},
  year = {2008},
  volume = {Vol. 7},
  pages = {323-326}
}

@ARTICLE{Wood2000,
  author = {Wood, Mark F. and Deloach, Scott A.},
  title = {An overview of the multiagent systems engineering methodology.},
  journal = {The First International Workshop on Agent-Oriented software Engineering
	(AOSE)},
  year = {2000},
  pages = {207-222}
}

@ARTICLE{Wooldridge1997,
  author = {Wooldridge, Michael},
  title = {Agent-based software engineering.},
  journal = {IEEE Proceedings Software Engineering.},
  year = {1997},
  pages = {26-37}
}

@ARTICLE{Georgios2004,
  author = {Yannakakis, Georgios; Levine, John and Hallam, John},
  title = {An evolutionary approach for interactive computer games.},
  journal = {In Proceedings of the Congress on Evolutionary Computation.},
  year = {2004},
  pages = {986-993}
}

@ELECTRONIC{CILib,
  year = {Accessed October 2009},
  title = {CILib (Computational Intelligence Library)},
  howpublished = {\url{http://cilib.sourceforge.net}},
  __markedentry = {[gabi]}
}

@ELECTRONIC{DirectX,
  year = {Accessed October 2009},
  title = {DirectX},
  howpublished = {\url{http://www.microsoft.com/windows/directx/default.mspx}}
}

@ELECTRONIC{DMLW,
  year = {Accessed October 2009},
  title = {DMLW - 3D Markup Language for Web},
  howpublished = {\url{http://www.3dmlw.com}}
}

@ELECTRONIC{EOECF,
  year = {Accessed October 2009},
  title = {EO Evolutionary Computation Framework},
  howpublished = {\url{http://eodev.sourceforge.net}}
}

@ELECTRONIC{Havok,
  year = {Accessed October 2009},
  title = {Havok},
  howpublished = {\url{http://www.havok.com}}
}

@ELECTRONIC{Jade,
  year = {Accessed October 2009},
  title = {Jade - Java Agent DEvelopment Framework},
  howpublished = {\url{http://jade.tilab.com}}
}

@ELECTRONIC{NGDynamics,
  year = {Accessed October 2009},
  title = {Newton Game Dynamics},
  howpublished = {\url{http://www.newtondynamics.com}}
}

@ELECTRONIC{O3D,
  year = {Accessed October 2009},
  title = {Google O3D API},
  howpublished = {\url{http://code.google.com/apis/o3d}}
}

@ELECTRONIC{ODE,
  year = {Accessed October 2009},
  title = {Open Dynamics Engine},
  howpublished = {\url{http://www.ode.org}}
}

@ELECTRONIC{OGRE,
  year = {Accessed October 2009},
  title = {OGRE 3D: Open source graphics engine},
  howpublished = {\url{http://www.ogre3d.org}}
}

@ELECTRONIC{OpenGL,
  year = {Accessed October 2009},
  title = {OpenGL},
  howpublished = {\url{http://www.opengl.org}}
}

@ELECTRONIC{PAL,
  year = {Accessed October 2009},
  title = {PAL: Physics Abstraction Layer},
  howpublished = {\url{http://www.adrianboeing.com/pal}}
}

@ELECTRONIC{Physx,
  year = {Accessed October 2009},
  title = {PhysX by AGEIA},
  howpublished = {\url{http://physx.ageia.com}}
}

@ELECTRONIC{SDL,
  year = {Accessed October 2009},
  title = {Simple DirectMedia Layer (SDL)},
  howpublished = {\url{http://www.libsdl.org}}
}

@ELECTRONIC{VTK,
  year = {Accessed October 2009},
  title = {The Visualization ToolKit (VTK)},
  howpublished = {\url{http://public.kitware.com/vtk}}
}

@ELECTRONIC{Web3D,
  year = {Accessed October 2009},
  title = {Web3D Consortium.},
  howpublished = {\url{http://www.web3d.org}}
}

@ELECTRONIC{wiiNintendo,
  year = {Accessed October 2009},
  title = {Wii-Nintendo},
  howpublished = {\url{http://www.nintendo.es}}
}

@ELECTRONIC{Wikipedia2007,
  year = {Accessed October 2009},
  title = {Physics engine description},
  howpublished = {\url{http://en.wikipedia.org/wiki/physics\_engine}}
}

@ELECTRONIC{WModel,
  year = {Accessed October 2009},
  title = {Working Model: Design Simulation Technologies},
  howpublished = {\url{http://www.design-simulation.com}}
}

